@article{kitzelmann_2010_inductive,
  author = {Kitzelmann, Emanuel},
  month = {01},
  pages = {50-73},
  publisher = {Springer Science+Business Media},
  title = {Inductive Programming: a Survey of Program Synthesis Techniques},
  doi = {10.1007/978-3-642-11931-6_3},
  volume = {5812},
  year = {2010},
  journal = {Lecture Notes in Computer Science}
}

@article{solarlezama_2012_program,
  author = {Solar-Lezama, Armando},
  month = {08},
  pages = {475-495},
  title = {Program sketching},
  doi = {10.1007/s10009-012-0249-7},
  urldate = {2022-12-18},
  volume = {15},
  year = {2012},
  journal = {International Journal on Software Tools for Technology Transfer}
}

@article{gottschlich_2018_the,
  author = {Gottschlich, Justin and Solar-Lezama, Armando and Nesime Tatbul and Carbin, Michael and Rinard, Martin and Barzilay, Regina and Saman Amarasinghe and Tenenbaum, Joshua B and Mattson, Tim},
  month = {06},
  publisher = {Massachusetts Institute of Technology},
  title = {The three pillars of machine programming},
  doi = {10.1145/3211346.3211355},
  urldate = {2023-08-10},
  year = {2018},
  journal = {DSpace@MIT (Massachusetts Institute of Technology)}
}

@article{chomsky_1956_three,
  author = {Chomsky, N.},
  month = {09},
  pages = {113-124},
  title = {Three models for the description of language},
  doi = {10.1109/tit.1956.1056813},
  volume = {2},
  year = {1956},
  journal = {IEEE Transactions on Information Theory}
}

@article{sipser_1996_introduction,
  author = {Sipser, Michael},
  month = {03},
  pages = {27-29},
  title = {Introduction to the Theory of Computation},
  doi = {10.1145/230514.571645},
  url = {https://www.cs.virginia.edu/~robins/Sipser_2006_Second_Edition_Problems.pdf},
  volume = {27},
  year = {1996},
  journal = {ACM SIGACT News}
}

@misc{solarlezama_2023_introduction,
  author = {Solar-Lezama, A},
  title = {Introduction to Program Synthesis},
  url = {https://people.csail.mit.edu/asolar/SynthesisCourse/index.htm},
  year = {2023},
  organization = {Mit.edu}
}

@article{lee_2016_synthesizing,
  author = {Lee, Mina and So, Sunbeom and Oh, Hakjoo},
  month = {10},
  title = {Synthesizing regular expressions from examples for introductory automata assignments},
  doi = {10.1145/2993236.2993244},
  urldate = {2024-07-27},
  year = {2016},
  journal = {GPCE 2016: Proceedings of the 2016 ACM SIGPLAN International Conference on Generative Programming: Concepts and Experiences}
}

@article{angluin_1987_learning,
  author = {Angluin, Dana},
  month = {11},
  pages = {87-106},
  title = {Learning regular sets from queries and counterexamples},
  doi = {10.1016/0890-5401(87)90052-6},
  url = {https://omereingold.files.wordpress.com/2017/06/angluin87.pdf},
  urldate = {2021-05-06},
  volume = {75},
  year = {1987},
  journal = {Information and Computation}
}

@article{brzozowski_1964_derivatives,
  author = {Brzozowski, Janusz A},
  month = {10},
  pages = {481-494},
  publisher = {Association for Computing Machinery},
  title = {Derivatives of Regular Expressions},
  doi = {10.1145/321239.321249},
  volume = {11},
  year = {1964},
  journal = {Journal of the ACM}
}

@article{smith_2016_mapreduce,
  author = {Smith, Calvin and Albarghouthi, Aws},
  month = {06},
  pages = {326-340},
  title = {MapReduce program synthesis},
  doi = {10.1145/2980983.2908102},
  url = {https://www.microsoft.com/en-us/research/wp-content/uploads/2016/12/cav13.pdf},
  urldate = {2025-04-03},
  volume = {51},
  year = {2016},
  journal = {ACM SIGPLAN Notices}
}

@misc{zhong_2018_semregex,
  author = {Zhong, Zexuan and Guo, Jiaqi and Yang, Wei and Peng, Jian and Xie, Tao and Lou, Jian-Guang and Liu, Ting and Zhang, Dongmei},
  title = {SemRegex: A Semantics-Based Approach for Generating Regular Expressions from Natural Language Specifications},
  url = {https://par.nsf.gov/servlets/purl/10129734},
  urldate = {2025-04-03},
  year = {2018}
}

@misc{zhong_2018_generating,
  author = {Zhong, Zexuan and Guo, Jiaqi and Yang, Wei and Xie, Tao and Lou, Jian-Guang and Liu, Ting and Zhang, Dongmei},
  title = {Generating Regular Expressions from Natural Language Specifications: Are We There Yet?},
  url = {https://cdn.aaai.org/ocs/ws/ws0512/17262-76044-1-PB.pdf},
  urldate = {2025-03-16},
  year = {2018}
}

@techreport{winston_1970,
 author = {Winston, Patrick H.},
 title = {Learning Structural Descriptions From Examples},
 year = {1970},
 source = {http://www.ncstrl.org:8900/ncstrl/servlet/search?formname=detail\&id=oai%3Ancstrlh%3Amitai%3AMIT-AILab%2F%2FAITR-231},
 publisher = {Massachusetts Institute of Technology},
 address = {Cambridge, MA, USA},
} 
